@misc{cinvestav,
title = "CINVESTAV",
howpublished =  "http://computacion.cs.cinvestav.mx/~acaceres/courses/itesm/lp/clases/lp12.pdf"
}